
@book{burbeck_applications_1987,
	title = {Applications Programming in Smalltalk-80: How to use {Model-View-Controller} {(MVC)}},
	shorttitle = {Applications Programming in Smalltalk-80},
	publisher = {Softsmarts, Inc.},
	author = {Burbeck, S.},
	year = {1987}
},

@book{gamma_design_1995,
	title = {Design Patterns: Elements of Reusable {Object-Oriented} Software},
	shorttitle = {Design patterns},
	publisher = {{Addison-Wesley} Reading, {MA}},
	author = {Gamma, E. and Helm, R. and Johnson, R. and Vlissides, J.},
	year = {1995},
	keywords = {{Neille-Dec-14-2010}}
},

@techreport{bray_extensible_2008,
	address = {Latest version available at {http://www.w3.org/TR/xml/}},
	type = {{W3C} Recommendation},
	title = {Extensible Markup Language {(XML)} 1.0 {(Fifth} Edition)},
	url = {http://www.w3.org/TR/2008/REC-xml-20081126/},
	number = {{http://www.w3.org/TR/2008/REC-xml-20081126/}},
	institution = {World Wide Web Consortium},
	author = {Bray, T. and Paoli, J. and {Sperberg-McQueen}, C. M. and Maler, E. and Yergeau, F.},
	month = nov,
	year = {2008}
},

@article{fokker_functional_1995,
	title = {Functional Specification of {JPEG} Decompression, and an Implementation for Free},
	url = {http://citeseerx.ist.psu.edu/viewdoc/summary?doi=10.1.1.25.6522},
	journal = {{PROGRAMMING} {PARADIGMS} {IN} {GRAPHICS}, {PROCEEDINGS} {OF} {EUROGRAPHICS} {WORKSHOP}},
	author = {Fokker, Jeroen},
	year = {1995},
	keywords = {{Neille-Dec-14-2010}},
	pages = {102---120}
},

@techreport{flatt_gui:_2011,
	address = {http://racket-lang.org/tr3/},
	title = {{GUI:} Racket Graphics Toolkit},
	number = {{PLT-TR-2010-3} Version 5.1.3},
	institution = {{PLT} Inc.},
	author = {Flatt, M. and Findler, R. B. and Clements, J.},
	month = aug,
	year = {2011}
},

@techreport{international_telecommunication_union_information_1993,
	type = {Standard},
	title = {Information Technology - Digital Compression and Coding of {Continuous-Tone} Still Images - Requirements and Guidelines},
	url = {http://www.itu.int/rec/T-REC-T.81},
	number = {Recommendation T.81 {http://www.itu.int/rec/T-REC-T.81}},
	institution = {International Telecommunication Union - Standardization {(ITU-T)}},
	author = {International Telecommunication Union},
	year = {1993}
},

@techreport{bray_namespaces_2009,
	address = {Latest version available at {http://www.w3.org/TR/xml-names}},
	type = {{W3C} Recommendation},
	title = {Namespaces in {XML} 1.0 {(Third} Edition)},
	url = {http://www.w3.org/TR/2009/REC-xml-names-20091208/},
	number = {{http://www.w3.org/TR/2009/REC-xml-names-20091208/}},
	institution = {World Wide Web Consortium {(W3C)}},
	author = {Bray, T. and Tobin, R. and Hollander, D. and Thompson, H. S. and Layman, A.},
	month = dec,
	year = {2009}
},

@incollection{dijkstra_role_1982,
	address = {New York, {NY}, {USA}},
	title = {On the Role of Scientific Thought},
	isbn = {0-387-90652-5},
	shorttitle = {Selected writings on Computing},
	booktitle = {Selected writings on Computing: A Personal Perspective},
	publisher = {{Springer-Verlag} New York, Inc.},
	author = {Dijkstra, E.},
	year = {1982},
	pages = {pp. 60â€“66}
},

@techreport{flatt_reference:_2011,
	address = {http://racket-lang.org/tr1/},
	title = {Reference: Racket},
	number = {{PLT-TR-2010-1} Version 5.1.3},
	institution = {{PLT} Inc.},
	author = {Flatt, M. and {PLT}},
	month = aug,
	year = {2011}
},

@techreport{clark_relax_2002,
	type = {Committee Specification},
	title = {{RELAX} {NG} Compact Syntax},
	number = {http://www.oasis-open.org/committees/relax-ng/compact-20021121.html},
	institution = {Organization for the Advancement of Structured Information Standards {(OASIS)}},
	author = {Clark, J.},
	month = nov,
	year = {2002},
	keywords = {grappa-db}
},

@techreport{clark_relax_2002-1,
	type = {Committee Specification},
	title = {{RELAX} {NG} Specification},
	number = {http://www.oasis-open.org/committees/relax-ng/spec-20011203.html},
	institution = {Organization for the Advancement of Structured Information Standards {(OASIS)}},
	author = {Clark, J. and Murata, M.},
	month = nov,
	year = {2002},
	keywords = {grappa-db}
},

@incollection{kobayashi_scheme_2006,
	address = {Berlin, Heidelberg},
	title = {Scheme with Classes, Mixins, and Traits},
	volume = {4279},
	isbn = {978-3-540-48937-5},
	url = {http://www.springerlink.com/content/d835158j7630758q/},
	booktitle = {Programming Languages and Systems},
	publisher = {Springer Berlin Heidelberg},
	author = {Flatt, Matthew and Findler, Robert Bruce and Felleisen, Matthias},
	editor = {Kobayashi, Naoki},
	year = {2006},
	pages = {270--289}
},

@techreport{clark_xml_1999,
	address = {Latest version available at {http://www.w3.org/TR/xpath}},
	type = {{W3C} Recommendation},
	title = {{XML} Path Language {(XPath)} Version 1.0},
	url = {http://www.w3.org/TR/1999/REC-xpath-19991116},
	number = {{http://www.w3.org/TR/1999/REC-xpath-19991116}},
	institution = {World Wide Web Consortium {(W3C)}},
	author = {Clark, J. and {DeRose}, S. J.},
	month = nov,
	year = {1999}
},

@techreport{clark_xsl_1999,
	address = {Latest version available at {http://www.w3.org/TR/xslt}},
	type = {{W3C} Recommendation},
	title = {{XSL} Transformations {(XSLT)} Version 1.0},
	url = {http://www.w3.org/TR/1999/REC-xslt-19991116},
	number = {{http://www.w3.org/TR/1999/REC-xslt-19991116}},
	institution = {World Wide Web Consortium {(W3C)}},
	author = {Clark, J.},
	month = nov,
	year = {1999}
}